<?xml version="1.0" encoding="UTF-8"?><collection xmlns="http://www.loc.gov/MARC21/slim"><record><leader>00403nam--2200133-i-4500</leader><controlfield tag="001">000011538</controlfield><controlfield tag="002">20161230</controlfield><controlfield tag="005">20161230201029</controlfield><controlfield tag="008">060222s1000------------r-----000-0-eng-d</controlfield><datafield ind1=" " ind2=" " tag="080"><subfield code="a">621.039.51</subfield></datafield><datafield ind1=" " ind2=" " tag="100"><subfield code="a">Boffi, Vinciio</subfield></datafield><datafield ind1=" " ind2=" " tag="245"><subfield code="a">Fisica del reattore nucleare. 1.la teoria del transporto dei neutroni. parte i. la teoria integrale</subfield></datafield><datafield ind1=" " ind2=" " tag="260"><subfield code="a">Bologna, Patron Editore, 1974. Viii + 795</subfield></datafield><datafield ind1=" " ind2=" " tag="852"><subfield code="a">42817</subfield></datafield></record></collection>